@incollection{alves2013resource,
  title={Resource Constrained Project Scheduling with General Precedence Relations Optimized with SAT},
  author={Alves, Rui and Alvelos, Filipe and Sousa, S{\'e}rgio Dinis},
  booktitle={Progress in Artificial Intelligence},
  pages={199--210},
  year={2013},
  publisher={Springer}
}

@inproceedings{abio2014encoding,
  title={Encoding Linear Constraints into SAT},
  author={Ab{\'\i}o, Ignasi and Stuckey, Peter J},
  booktitle={Principles and Practice of Constraint Programming},
  pages={75--91},
  year={2014},
  organization={Springer}
}

@inproceedings{wu2013exploiting,
  title={Exploiting attributed type graphs to generate metamodel instances using an SMT solver},
  author={Wu, Hao and Monahan, Rosemary and Power, James F},
  booktitle={Theoretical Aspects of Software Engineering (TASE), 2013 International Symposium on},
  pages={175--182},
  year={2013},
  organization={IEEE}
}

@inproceedings{velev2009exploiting,
  title={Exploiting hierarchical encodings of equality to design independent strategies in parallel SMT decision procedures for a logic of equality},
  author={Velev, Miroslav N and Gao, Ping},
  booktitle={High Level Design Validation and Test Workshop, 2009. HLDVT 2009. IEEE International},
  pages={8--13},
  year={2009},
  organization={IEEE}
}

@article{horbach2010boolean,
  title={A Boolean satisfiability approach to the resource-constrained project scheduling problem},
  author={Horbach, Andrei},
  journal={Annals of Operations Research},
  volume={181},
  number={1},
  pages={89--107},
  year={2010},
  publisher={Springer}
}

@article{klein1999computing,
  title={Computing lower bounds by destructive improvement: An application to resource-constrained project scheduling},
  author={Klein, Robert and Scholl, Armin},
  journal={European Journal of Operational Research},
  volume={112},
  number={2},
  pages={322--346},
  year={1999},
  publisher={Elsevier}
}

@article{mingozzi1998exact,
  title={An exact algorithm for the resource-constrained project scheduling problem based on a new mathematical formulation},
  author={Mingozzi, Aristide and Maniezzo, Vittorio and Ricciardelli, Salvatore and Bianco, Lucio},
  journal={Management Science},
  volume={44},
  number={5},
  pages={714--729},
  year={1998},
  publisher={INFORMS}
}

@article{sharma2011polynomial,
  title={Polynomial 3-SAT Encoding for K-Colorability of Graph},
  author={Sharma, Prakash C and Chaudhari, Narendra S},
  journal={Special Issue of International Journal of Computer Application on Evolution in Networks and Computer Communications (1)},
  pages={19--24},
  year={2011}
}

@inproceedings{ramani2004breaking,
  title={Breaking instance-independent symmetries in exact graph coloring},
  author={Ramani, Arathi and Aloul, Fadi A and Markov, Igor L and Sakallah, Karem A},
  booktitle={Design, Automation and Test in Europe Conference and Exhibition, 2004. Proceedings},
  volume={1},
  pages={324--329},
  year={2004},
  organization={IEEE}
}

@article{schutt2011explaining,
  title={Explaining the cumulative propagator},
  author={Schutt, Andreas and Feydy, Thibaut and Stuckey, Peter J and Wallace, Mark G},
  journal={Constraints},
  volume={16},
  number={3},
  pages={250--282},
  year={2011},
  publisher={Springer}
}

@inproceedings{wille2008using,
  title={Using higher levels of abstraction for solving optimization problems by boolean satisfiability},
  author={Wille, Robert and Gro{\ss}e, Daniel and Soeken, Mathias and Drechsler, Rolf},
  booktitle={Symposium on VLSI, 2008. ISVLSI'08. IEEE Computer Society Annual},
  pages={411--416},
  year={2008},
  organization={IEEE}
}

@article{malaguti2010survey,
  title={A survey on vertex coloring problems},
  author={Malaguti, Enrico and Toth, Paolo},
  journal={International Transactions in Operational Research},
  volume={17},
  number={1},
  pages={1--34},
  year={2010},
  publisher={Wiley Online Library}
}

@misc{cs395tGCtoSAT,
	title = {Reducing Graph Coloring to SAT},
	author = {Texas University CS395T, \ },
	date = {2011},
	howpublished = {\url{https://www.cs.utexas.edu/users/vl/teaching/lbai/coloring.pdf}}
}

@book{karp1972reducibility,
  title={Reducibility among combinatorial problems},
  author={Karp, Richard M},
  year={1972},
  publisher={Springer}
}

@book{faigle2002mathprogramming,
  title={Algorithmic Principles of Mathematical Programming},
  author={Faigle, Ulrich and Kern, W. and Still, Georg},
  year={2002},
  publisher={Springer}
}

@article{abdolshah2014review,
  title={A Review of Resource-Constrained Project Scheduling Problems (RCPSP) Approaches and Solutions},
  author={Abdolshah, Mohammad},
  year={2014}
}

@article{comp2014sat,
  title={SAT COMPETITION 2014},
  author={Belov, Anton and Diepold, Daniel and Heule, Marijn JH and J{\"a}rvisalo, Matti},
  year={2014},
  howpublished = {\url{http://www.satcompetition.org/2014/index.shtml}}
}

@article{solverLingeling,
  title={Yet another Local Search Solver and Lingeling and Friends Entering the SAT Competition 2014},
  author={Biere, Armin},
  journal={SAT COMPETITION 2014},
  pages={39},
  year={2014}
}

@article{challenge1993satisfiability,
  title={Satisfiability: Suggested Format},
  author={Challenge, DIMACS},
  journal={DIMACS Challenge. DIMACS},
  year={1993}
}

@article{meindl2012analysis,
  title={Analysis of commercial and free and open source solvers for linear optimization problems},
  author={Meindl, Bernhard and Templ, Matthias},
  journal={Eurostat and Statistics Netherlands within the project ESSnet on common tools and harmonised methodology for SDC in the ESS},
  year={2012}
}

@incollection{de2008z3,
  title={Z3: An efficient SMT solver},
  author={De Moura, Leonardo and Bj{\o}rner, Nikolaj},
  booktitle={Tools and Algorithms for the Construction and Analysis of Systems},
  pages={337--340},
  year={2008},
  publisher={Springer}
}

@online{gurobi,
title = {Gurobi Optimizer},
%date = {2014},
howpublished = {\url{http://www.gurobi.com/products/gurobi-optimizer/gurobi-overview}}
}

@online{color04,
title = {COLOR02/03/04: Graph Coloring and its Generalizations}
howpublished = {\url{http://mat.tepper.cmu.edu/COLOR04/}}
date = {2004}
}

@inproceedings{barrett2010smt,
  title={The SMT-LIB Standard: Version 2.0},
  author={Barrett, Clark and Stump, Aaron and Tinelli, Cesare},
  booktitle={Proceedings of the 8th International Workshop on Satisfiability Modulo Theories (Edinburgh, England)},
  volume={13},
  pages={14},
  year={2010}
}

@misc{repo,
title = {IN4336 project repository}
author = {David Hoepelman and Luis Garcia}
howpublished = {\url{https://github.com/dhoepelman/in4336}}
}

@article{kolisch1997psplib,
  title={PSPLIB-a project scheduling problem library: OR software-ORSEP operations research software exchange program},
  author={Kolisch, Rainer and Sprecher, Arno},
  journal={European Journal of Operational Research},
  volume={96},
  number={1},
  pages={205--216},
  year={1997},
  publisher={Elsevier}
}

@article{johnson1991optimization,
  title={Optimization by simulated annealing: an experimental evaluation; part II, graph coloring and number partitioning},
  author={Johnson, David S and Aragon, Cecilia R and McGeoch, Lyle A and Schevon, Catherine},
  journal={Operations research},
  volume={39},
  number={3},
  pages={378--406},
  year={1991},
  publisher={INFORMS}
}